%! Author = user
%! Date = 21.06.2022

