%! Author = user
%! Date = 22.06.2022

